@incollection {CrazyAffine,
    AUTHOR = {Zhang, Jujian and Xie, Yunzhou and Feng, Yichen and Zhou,
              Yanqiao},
     TITLE = {Formalisation of the category of {H}opf algebras in {L}ean 4},
 BOOKTITLE = {Mathematical software---{ICMS} 2024},
    SERIES = {Lecture Notes in Comput. Sci.},
    VOLUME = {14749},
     PAGES = {78--86},
 PUBLISHER = {Springer, Cham},
      YEAR = {[2024] \copyright 2024},
      ISBN = {978-3-031-64528-0; 978-3-031-64529-7},
   MRCLASS = {68V15},
  MRNUMBER = {4786710},
       DOI = {10.1007/978-3-031-64529-7\_9},
       URL = {https://doi.org/10.1007/978-3-031-64529-7_9},
}
